@misc{ Noctis,
	author = {Jeff Noctis}, 
	title = {Forensics vs Forensic Science},
	howpublished = {\url{http://www.articlesfactory.com/articles/science/forensics-vs-forensic-science.html}},
	note = {Visitato: Settembre 2016}
}

@misc{ Forensics,
	title = {What is Forensics?},
	howpublished = {\url{http://www.crimesceneinvestigatoredu.org/what-is-forensic-science/}},
	note = {Visitato: Settembre 2016}
}

@incollection{ Florindi,
	author = {Emanuele Florindi},
	title = {Computer Forensics},
	booktitle = {Computer e diritto. L'informatica giuridica nella società dell'informazione e della conoscenza},
	publisher = {Giuffrè},
	year = {2012},
	chapter = {7},
	pages = {435--454},
}

@misc{ Swdge, 
	title = {Digital Evidence: Standards and Principles},
	howpublished = {\url{https://www.fbi.gov/about-us/lab/forensic-science-communications/fsc/april2000/swgde.htm}},
	note = {Visitato: Settembre 2016}
}

@misc{ Vierika, 
	title = {La sentenza di primo grado sul primo caso giudiziario di virus informatico, Vierika},
	howpublished = {\url{http://www.penale.it/page.asp?mode=1&IDPag=182}},
	note = {Nota[15]. Visitato: Settembre 2016}
}

@misc{ Vierika1,
	author = {Shara Monteleone},
	title = {Alcune riflessioni sull’impiego della prova elettronica in giudizio},
	howpublished =  {\url{http://www.teutas.it/societa-informazione/prova-elettronica/264-alcune-riflessioni-sullimpiego-della-prova-elettronica-in-giudizio.html}},
	note = {Nota[25]. Visitato: Maggio 2016}
}

@misc{ Elling,
	author = {Justin Ellingwood}, 
	title = {Web Caching Basics: Terminology, HTTP Headers, and Caching Strategies},
	howpublished = {\url{https://www.digitalocean.com/community/tutorials/web-caching-basics-terminology-http-headers-and-caching-strategies}},
	note = {Visitato: Settembre 2016}
}

@misc{ Nottingham,
	author = {Mark Nottingham}, 
	title = {Caching Tutorial for Web Authors and Webmasters},
	howpublished = {\url{https://www.mnot.net/cache_docs/}},
	note = {Visitato: Settembre 2016}
}

@misc{ MsdnEse,
	author = {Microsoft}, 
	title = {Extensible Storage Engine},
	howpublished = {\url{https://msdn.microsoft.com/en-us/library/gg269259(v=exchg.10).aspx}},
	note = {Visitato: Maggio 2016}
}


